@phdthesis{Bezanson2015,
	Author = {Bezanson, Jeffrey Werner},
	School = {Massachusetts Institute of Technology},
	Title = {Abstractions in Technical Computing},
	Type = {{Ph.D.}},
	Url = {https://github.com/JeffBezanson/phdthesis},
	Year = {2015}
}

@mastersthesis{Bezanson2012,
	Author = {Bezanson, Jeffrey Werner},
	School = {Massachusetts Institute of Technology},
	Title = {{Julia}: an efficient dynamic language for technical computing},
	Type = {{S.M.}},
	Year = {2012},
	URL = {http://18.7.29.232/handle/1721.1/74897}
}

@article{Hernandez2008,
	Author = {Hern\'{a}ndez, Vicente and Rom\'{a}n, Jos\'{e} E and Tom\'{a}s, Andr\'{e}s},
	Journal = {Electronic Transactions on Numerical Analysis},
	Pages = {68--85},
	Title = {A Robust and Efficient Parallel {SVD} Solver based on Restarted {L}anczos Bidiagonalization},
	Volume = {31},
	Year = {2008},
	Url = {http://etna.mcs.kent.edu/volumes/2001-2010/vol31/abstract.php?vol=31%5C&pages=68-85}
}

@article{Golub1965,
	Author = {Golub, G. and Kahan, W.},
	Journal = {Journal of the Society for Industrial and Applied Mathematics Series B Numerical Analysis},
	Number = {2},
	Pages = {205--224},
	Title = {Calculating the Singular Values and Pseudo-Inverse of a Matrix},
	Volume = {2},
	DOI = {10.1137/0702016},
	Year = {1965},
}
